@misc{gnang2020gracefullabelingstrees,
      title={On graceful labelings of trees}, 
      author={Edinah K. Gnang},
      year={2020},
      eprint={1811.07614},
      archivePrefix={arXiv},
      primaryClass={math.CO},
      url={https://arxiv.org/abs/1811.07614}, 
}

@misc{gnang2022compositionlemma,
      title={On The Composition Lemma}, 
      author={Edinah K. Gnang},
      year={2022},
      eprint={2111.12812},
      archivePrefix={arXiv},
      primaryClass={math.CO},
      url={https://arxiv.org/abs/2111.12812}, 
}

@misc{gnang2023proofkotzigringelrosaconjecture,
      title={A proof of the Kotzig-Ringel-Rosa Conjecture}, 
      author={Edinah K. Gnang},
      year={2023},
      eprint={2202.03178},
      archivePrefix={arXiv},
      primaryClass={math.CO},
      url={https://arxiv.org/abs/2202.03178}, 
}

@misc{chalise2024prooftreepackingconjecture,
      title={A Proof of the Tree Packing Conjecture}, 
      author={Parikshit Chalise and Antwan Clark and Edinah K. Gnang},
      year={2024},
      eprint={2410.13840},
      archivePrefix={arXiv},
      primaryClass={math.CO},
      url={https://arxiv.org/abs/2410.13840}, 
}

@misc{chalise2024treenedgesdecomposes,
      title={Every tree on $n$ edges decomposes $K_{nx,nx}$ and $K_{2nx+1}$}, 
      author={Parikshit Chalise and Antwan Clark and Edinah K. Gnang},
      year={2024},
      eprint={2409.01981},
      archivePrefix={arXiv},
      primaryClass={math.CO},
      url={https://arxiv.org/abs/2409.01981}, 
}